<record><leader>00000cas a22000007a 4500</leader><controlfield tag="001">17420187</controlfield><controlfield tag="008">880202d18861901mnudn n       0    0eng d</controlfield><datafield ind1=" " ind2=" " tag="010"><subfield code="a">sn 88074056 </subfield></datafield><datafield ind1=" " ind2=" " tag="040"><subfield code="a">NYS</subfield><subfield code="b">eng</subfield><subfield code="c">NYS</subfield><subfield code="d">MN#</subfield><subfield code="d">OCL</subfield><subfield code="d">OCLCQ</subfield><subfield code="d">OCLCF</subfield><subfield code="d">OCLCO</subfield></datafield><datafield ind1=" " ind2=" " tag="019"><subfield code="a">1607610</subfield></datafield><datafield ind1="1" ind2=" " tag="029"><subfield code="a">AU@</subfield><subfield code="b">000025829512</subfield></datafield><datafield ind1=" " ind2=" " tag="042"><subfield code="a">msc</subfield></datafield><datafield ind1=" " ind2=" " tag="043"><subfield code="a">n-us-mn</subfield></datafield><datafield ind1=" " ind2=" " tag="052"><subfield code="a">4144</subfield><subfield code="b">W8</subfield></datafield><datafield ind1=" " ind2=" " tag="052"><subfield code="a">4143</subfield><subfield code="b">W8</subfield></datafield><datafield ind1="0" ind2="0" tag="245"><subfield code="a">Winona daily herald.</subfield></datafield><datafield ind1="3" ind2="0" tag="246"><subfield code="a">Winona Sunday herald</subfield><subfield code="f">Dec. 17, 1899-Feb. 17, 1901</subfield></datafield><datafield ind1=" " ind2=" " tag="260"><subfield code="a">Winona, Minn. :</subfield><subfield code="b">J.H. Johnson,</subfield><subfield code="c">-1901.</subfield></datafield><datafield ind1=" " ind2=" " tag="300"><subfield code="a">v.</subfield></datafield><datafield ind1=" " ind2=" " tag="310"><subfield code="a">Daily (except Sat.),</subfield><subfield code="b">Dec. 11, 1899-Feb. 17, 1901</subfield></datafield><datafield ind1=" " ind2=" " tag="321"><subfield code="a">Daily (except Sun.),</subfield><subfield code="b">&lt;Mar. 21, 1888&gt;-Dec. 9, 1899</subfield></datafield><datafield ind1="1" ind2=" " tag="362"><subfield code="a">Began Mar. 19, 1886.</subfield></datafield><datafield ind1="0" ind2=" " tag="362"><subfield code="a">-v. 33, no. 277 (Feb. 17, 1901).</subfield></datafield><datafield ind1=" " ind2=" " tag="500"><subfield code="a">On Sundays published as: The Winona Sunday herald.</subfield></datafield><datafield ind1=" " ind2=" " tag="530"><subfield code="a">Available on microfilm from the Minnesota Historical Society.</subfield></datafield><datafield ind1=" " ind2=" " tag="580"><subfield code="a">Weekly eds.: Winona herald, Mar. 19, 1886-Feb. 1901, and: Winona weekly news, Oct. 24, 1893-Feb. 17, 1901.</subfield></datafield><datafield ind1=" " ind2=" " tag="588"><subfield code="a">Description based on: Vol. 20, no. 3 (Mar. 21, 1888).</subfield></datafield><datafield ind1=" " ind2="0" tag="651"><subfield code="a">Winona (Minn.)</subfield><subfield code="v">Newspapers.</subfield></datafield><datafield ind1=" " ind2="7" tag="655"><subfield code="a">Newspapers.</subfield><subfield code="2">fast</subfield><subfield code="0">(OCoLC)fst01423814</subfield></datafield><datafield ind1=" " ind2="7" tag="651"><subfield code="a">Minnesota</subfield><subfield code="z">Winona.</subfield><subfield code="2">fast</subfield><subfield code="0">(OCoLC)fst01202921</subfield></datafield><datafield ind1=" " ind2=" " tag="752"><subfield code="a">United States</subfield><subfield code="b">Minnesota</subfield><subfield code="c">Winona</subfield><subfield code="d">Winona.</subfield></datafield><datafield ind1="1" ind2=" " tag="775"><subfield code="t">Winona herald</subfield><subfield code="w">(DLC)sn 83016809</subfield></datafield><datafield ind1="1" ind2=" " tag="775"><subfield code="t">Winona weekly news</subfield><subfield code="w">(DLC)sn 90060816</subfield></datafield><datafield ind1="0" ind2="7" tag="785"><subfield code="t">Winona daily Republican</subfield><subfield code="w">(DLC)sn 83016808</subfield></datafield><datafield ind1="0" ind2="7" tag="785"><subfield code="t">Winona Republican and herald (Winona, Minn. : Daily)</subfield><subfield code="w">(DLC)sn 90060814</subfield></datafield></record>